--- this section is for dummy variables ---
@article{dummy1,
  title={The Use of Dummy Variables in Regression Analysis},
  author={Smita Skrivanek},
  year={2009},
  url={https://www.moresteam.com/resources/whitepapers/dummy-variables}
}

@article{dummy2,
  title={Determining The Optimal Number Of Clusters: 3 Must Know Methods},
  author={Alboukadel Kassambara},
  url={https://www.datanovia.com/en/lessons/determining-the-optimal-number-of-clusters-3-must-know-methods/}
}


https://www.statistics.com/glossary/hierarchical-cluster-analysis/

https://www.sciencedirect.com/topics/computer-science/hierarchical-cluster-analysis

https://en.wikipedia.or/wiki/Hierarchical_clustering

--- this section is for gower's distance ---
@article{gower1,
  title={Distances with Mixed-Type Variables, some Modified Gower’s Coefficients},
  author={D’Orazio M.},
  year={2021},
  url={https://arxiv.org/abs/2101.02481},
}

@article{gower2,
  title={Example of Calculating the Gower Distance},
  author={D. McCaffrey J.},
  year={2020},
  url={https://jamesmccaffrey.wordpress.com/2020/04/21/example-of-calculating-the-gower-distance/},
}

@article{gower3,
  title={daisy: Dissimilarity Matrix Calculation},
  author={RDocumentation},
  url={https://www.rdocumentation.org/packages/cluster/versions/2.1.4/topics/daisy},
}